<record><leader>00000cas a2200000 a 4500</leader><controlfield tag="001">7874558</controlfield><controlfield tag="008">811024d18601861pausr ne      0    0eng c</controlfield><datafield ind1=" " ind2=" " tag="010"><subfield code="a">sn 93060427 </subfield></datafield><datafield ind1=" " ind2=" " tag="040"><subfield code="a">MUL</subfield><subfield code="b">eng</subfield><subfield code="c">MUL</subfield><subfield code="d">MQN</subfield><subfield code="d">DLC</subfield><subfield code="d">OCL</subfield><subfield code="d">ATL</subfield><subfield code="d">OCLCQ</subfield><subfield code="d">OCLCO</subfield></datafield><datafield ind1="1" ind2=" " tag="029"><subfield code="a">AU@</subfield><subfield code="b">000021489249</subfield></datafield><datafield ind1=" " ind2=" " tag="042"><subfield code="a">pcc</subfield></datafield><datafield ind1=" " ind2="4" tag="050"><subfield code="a">BX8001</subfield></datafield><datafield ind1="0" ind2="4" tag="245"><subfield code="a">The Lutheran and home journal.</subfield></datafield><datafield ind1=" " ind2=" " tag="260"><subfield code="a">Philadelphia [Pa.] :</subfield><subfield code="b">H. Knauff &amp; Co.,</subfield><subfield code="c">1860-1861.</subfield></datafield><datafield ind1=" " ind2=" " tag="300"><subfield code="a">2 v.</subfield></datafield><datafield ind1=" " ind2=" " tag="310"><subfield code="a">Semimonthly</subfield></datafield><datafield ind1="0" ind2=" " tag="362"><subfield code="a">Vol. 1, no. 1 (July 6, 1860)-v. 2, no. 19 (Oct. 11, 1861).</subfield></datafield><datafield ind1=" " ind2=" " tag="500"><subfield code="a">"Devoted to the interest of the Evangelical Lutheran Church in North America."</subfield></datafield><datafield ind1=" " ind2=" " tag="515"><subfield code="a">Vol. 2, no. 1 to v. 2, no. 19 also called whole no. 13-whole no. 31 (Jan. 4-Oct. 11, 1861).</subfield></datafield><datafield ind1=" " ind2=" " tag="530"><subfield code="a">Also issued on microfilm by American Theological Library Association.</subfield></datafield><datafield ind1=" " ind2=" " tag="580"><subfield code="a">Merged with: Missionary (Pittsburgh, Pa.), to form: Lutheran and missionary.</subfield></datafield><datafield ind1=" " ind2="0" tag="650"><subfield code="a">Lutheran Church</subfield><subfield code="v">Newspapers.</subfield></datafield><datafield ind1="2" ind2="0" tag="610"><subfield code="a">Evangelical Lutheran Church in North America</subfield><subfield code="v">Newspapers.</subfield></datafield><datafield ind1=" " ind2=" " tag="752"><subfield code="a">United States</subfield><subfield code="b">Pennsylvania</subfield><subfield code="d">Philadelphia</subfield><subfield code="c">Philadelphia.</subfield></datafield><datafield ind1="1" ind2=" " tag="776"><subfield code="c">Microfilm</subfield><subfield code="d">American Theological Library Association</subfield><subfield code="w">(DLC)   00221350</subfield><subfield code="w">(OCoLC)43814224</subfield></datafield><datafield ind1="0" ind2="0" tag="780"><subfield code="t">Lutheran home journal (Philadelphia, Pa.)</subfield><subfield code="w">(DLC)   46041042</subfield><subfield code="w">(OCoLC)1716840</subfield></datafield><datafield ind1="1" ind2="7" tag="785"><subfield code="t">Missionary (Pittsburg, Pa.)</subfield><subfield code="w">(DLC)   00221353</subfield><subfield code="w">(OCoLC)7639524</subfield></datafield><datafield ind1="1" ind2="7" tag="785"><subfield code="t">Lutheran and missionary</subfield><subfield code="w">(DLC)sn 93060400</subfield><subfield code="w">(OCoLC)1779500</subfield></datafield></record>